2195 3554
966 222 1225 264 ...6-

205 342 454 399 Alexander
657 349 889 408 popularis
920 349 1045 393 urbis
1075 350 1272 401 Atticae,
1306 350 1482 394 Siculus
1513 351 1665 404 Cleon,

661 419 921 463 Herodotus
952 419 1048 475 ipse
1077 419 1288 470 Thurius‚
1321 424 1421 462 tum
1457 421 1531 476 qui
1565 422 1703 464 decus

536 494 581 530 50
658 502 875 543 magnum
906 487 1121 543 loquendi
1155 492 1237 538 est,
1269 488 1455 531 Atticus
1483 490 1785 544 Thucydides

203 562 348 605 Avien
749 557 833 599 Hic
865 569 1000 612 porro
1031 556 1234 606 habebis,
1270 555 1284 611 Η
1319 571 1428 613 pars
1454 558 1540 600 mei
1573 559 1721 601 cordis
1753 558 1919 610 Probe,

204 626 453 673 Alexander
662 625 876 682 quicquid
909 638 988 681 per
1020 638 1190 680 aequor
1219 624 1468 668 insularum
1503 627 1749 679 attollitur,

660 708 740 752 per
771 707 940 750 aequor
970 693 1080 736 illud
1113 693 1298 744 scilicet,
1332 695 1453 750 quod
1485 708 1565 752 per
1594 708 1710 739 cava

662 763 832 807 hiantis
864 762 987 806 orbis
1016 776 1043 805 a
1075 762 1190 805 freto
1222 762 1431 806 Tartesio

543 838 584 874 55
661 831 998 887 Atlantieisque
1030 831 1247 875 fluctibus
1277 831 1433 888 procul
1465 831 1601 875 sitam

663 901 711 944 in
741 914 884 956 usque
916 900 1125 956 glaebam
1158 901 1334 957 proruit
1367 906 1574 944 nostrum
1604 915 1752 953 mare,

665 970 880 1025 sinusque
912 982 1078 1012 curvos
1108 973 1247 1024 atque
1279 969 1607 1025 prominentia,r

665 1042 719 1081 ut
749 1051 796 1080 se
827 1037 992 1094 supino
1021 1037 1225 1093 porrigat
1255 1037 1390 1080 littus
1418 1038 1524 1089 situ,

667 1111 720 1150 ut
750 1106 882 1162 longe
914 1105 961 1148 in
992 1106 1142 1148 undas
1169 1106 1372 1149 inserant
1403 1120 1498 1150 sese
1528 1106 1635 1163 iuga

547 1181 592 1217 60
667 1175 904 1231 celsaeque
935 1179 988 1217 ut
1019 1175 1155 1217 urbes
1186 1175 1435 1218 adluantur
1466 1189 1682 1231 aequore;

671 1244 773 1301 quis
805 1249 933 1287 ortus
964 1243 1112 1286 amnis
1141 1243 1366 1287 maximos
1399 1244 1624 1296 effuderit,

670 1318 724 1357 ut
754 1326 899 1370 prona
930 1312 1060 1369 ponti
1092 1312 1317 1368 gurgitem
1349 1313 1523 1355 intrent
1554 1313 1763 1365 flumina,

671 1387 725 1426 ut
755 1382 855 1439 ipsa
885 1395 1064 1424 rursum
1096 1395 1230 1438 saepe
1262 1381 1449 1437 cingant
1479 1381 1664 1434 insulas,

671 1451 947 1506 sinuentque
976 1450 1070 1493 late
1100 1455 1153 1493 ut
1183 1455 1290 1493 tuta
1320 1455 1481 1507 portus
1512 1451 1714 1503 brachia,

552 1525 596 1562 65
672 1525 725 1563 ut
757 1520 1041 1576 explicentur
1071 1523 1235 1575 stagna
1266 1533 1345 1562 seu
1376 1519 1556 1562 iaceant
1586 1519 1727 1571 lacus,

673 1602 939 1645 scruposum
972 1593 1025 1631 ut
1057 1588 1138 1630 alti
1169 1588 1388 1631 verticem
1420 1593 1601 1632 montes
1629 1588 1806 1639 levent,

672 1657 961 1713 stringatque
993 1670 1179 1700 nemora
1210 1662 1262 1700 ut
1293 1657 1419 1700 unda
1449 1657 1550 1699 cani
1582 1657 1786 1713 gurgitis.

212 1731 359 1774 Avien
672 1726 866 1770 Laboris
895 1731 1048 1769 autem
1081 1726 1307 1768 terminus
1337 1726 1479 1769 nostri
1512 1726 1583 1768 hio
1616 1726 1716 1777 erit,

674 1795 940 1851 Scythicum
973 1800 1025 1838 ut
1057 1795 1335 1851 profundum
1369 1799 1414 1837 et
1446 1808 1616 1850 aequor
1647 1794 1814 1837 Euxini
1845 1793 1950 1845 sali,

553 1871 597 1907 70
675 1869 721 1908 et
752 1864 787 1907 si
822 1878 939 1920 quae
968 1864 1017 1906 in
1045 1864 1123 1907 illo
1153 1877 1382 1907 marmore
1410 1863 1585 1907 insulae
1613 1867 1814 1916 tument,

671 1933 994 1977 edisserantur.
1062 1933 1254 1989 Reliqua
1284 1947 1421 1989 porro
1451 1932 1622 1989 scripta
1652 1937 1761 1975 sunt

676 2002 809 2046 nobis
838 2002 886 2044 in
916 2001 993 2045 illo
1023 2002 1202 2058 plenius
1230 2002 1477 2052 volumine,

678 2071 799 2128 quod
832 2071 888 2114 de
920 2071 1042 2114 orbis
1073 2071 1162 2114 oris
1191 2070 1491 2127 partibusque
1523 2070 1725 2114 fecimus.

676 2141 741 2184 Ut
773 2144 933 2197 aperta
963 2153 1072 2183 vero
1102 2140 1286 2182 tibimet
1317 2139 1549 2182 intimatio

555 2214 598 2251 75
675 2209 853 2252 sudoris
884 2209 1020 2251 huius
1049 2213 1095 2251 et
1124 2208 1294 2252 laboris
1324 2208 1384 2250 sit
1415 2208 1518 2259 mei,

676 2278 985 2322 narrationem
1018 2277 1221 2334 opusculi
1254 2277 1390 2333 paulo
1423 2277 1566 2319 altius-

677 2347 978 2391 exordiemur.
1039 2347 1109 2390 Tu
1141 2360 1221 2403 per
1250 2346 1464 2389 intimum
1495 2346 1623 2389 ieeur

221 2552 430 2594 herabsank,
456 2553 514 2588 die
539 2552 660 2588 ᾶῑίεείε
686 2551 886 2587 Geschichte
911 2551 972 2587 der
997 2551 1210 2597 Kyremika
1234 2551 1316 2586 aber
1341 2562 1412 2585 nur
1436 2550 1477 2585 in
1502 2550 1570 2585 den
1594 2549 1810 2594 derftiqsten
1839 2545 2027 2582 Umrissm

220 2621 290 2644 uns
312 2610 510 2654 ‘ilberliefert
533 2611 591 2651 ist,
617 2611 716 2645 kann
738 2608 794 2644 die
818 2608 1146 2653 Nichterwcihnunq
1167 2607 1227 2643 des
1251 2606 1350 2643 ortes
1373 2608 1414 2642 in
1435 2608 1495 2642 der
1517 2606 1805 2643 vorchristlichen
1827 2604 1906 2639 Zeit
1927 2602 2030 2638 nicht

220 2668 394 2702 allzusehr
422 2668 629 2711 befremden.
677 2668 901 2703 Gewehnlich
929 2667 1018 2702 wird
1049 2667 1088 2702 V.
1113 2667 1168 2701 47.
1191 2666 1402 2711 Rhodoque
1431 2666 1586 2702 Bacoris
1614 2665 1696 2700 oder
1723 2664 1904 2702 Baeorus,
1934 2659 2027 2695 auch

221 2721 374 2760 Pacoris
395 2726 539 2769 ydesen.
585 2726 680 2761 Aber
700 2726 805 2760 einen
824 2725 1062 2769 qriechischen
1081 2724 1163 2759 oder
1183 2723 1275 2758 auch
1295 2735 1364 2758 nur
1386 2723 1702 2758 kleinasiatischen
1721 2721 1766 2755 Μ
1769 2723 2029 2758 dnmmmen,

222 2781 282 2816 der
300 2782 446 2817 dhnlich
463 2784 603 2824 lautete,
623 2783 694 2827 qibt
713 2795 748 2817 es
767 2783 875 2817 nicht.
917 2783 985 2817 Bei
1003 2782 1072 2816 den
1090 2781 1269 2816 Parthern
1287 2781 1364 2815 und
1380 2782 1598 2816 Armeniam
1615 2780 1775 2823 beqeqnet
1792 2777 1856 2812 der
1871 2775 2031 2818 Κὸπίᾳε·

221 2850 326 2874 name
344 2840 516 2881 Pacorus,
537 2841 597 2875 ein
616 2840 829 2885 mythis-cher
848 2838 886 2874 K
888 2841 972 2884 ὄηὶς]
991 2835 1175 2884 Aqyptens
1195 2839 1294 2882 heisst
1312 2839 1508 2883 Bacchyris
1525 2837 1607 2873 oder
1625 2835 1827 2875 Bocchoris,
1849 2833 1905 2868 ba·
1922 2832 2029 2867 Jame

221 2894 358 2931 blicka-s
384 2897 499 2943 Syrus
524 2898 698 2932 erscheint
723 2898 857 2932 einvnal
882 2899 943 2932 ein
967 2898 1151 2941 siwierter
1177 2896 1440 2941 babylonischer
1466 2895 1611 2930 Richter
1635 2893 1823 2933 Bochoros,
1850 2890 1932 2926 aber
1957 2888 2029 2924 alle

222 2953 316 2989 diese
336 2954 479 2990 Namen
499 2955 716 2999 berechtiqen
735 2955 833 2989 nicht
851 2967 896 2989 zu
915 2955 975 2989 der
994 2954 1199 2994 Annahme,
1218 2953 1291 2997 dass
1311 2954 1372 2988 ein
1390 2952 1537 2987 Hellene
1555 2963 1623 2987 aus
1643 2950 1790 2986 Rhodus
1809 2949 1851 2984 in
1868 2947 1930 2982 der
1947 2956 2025 2980 vor·

223 3011 558 3047 alexandrinischen
581 3013 661 3047 Zeit
683 3024 722 3047 so
745 3013 914 3056 ycheissem
936 3012 1032 3046 habe.
1082 3012 1143 3046 Da
1165 3023 1244 3045 nun
1265 3011 1358 3045 auch
1387 3011 1469 3046 kein
1496 3008 1730 3054 qriechischer
1749 3007 1831 3042 oder
1853 3002 2026 3039 kleimei-

224 3069 374 3103 atischer
411 3070 598 3105 Ortsname
635 3071 803 3110 existiert,
841 3070 902 3104 der
937 3069 1016 3103 dem
1052 3069 1295 3112 uberlieserten
1332 3068 1482 3103 Baooris
1518 3079 1558 3102 so
1585 3066 1678 3101 nahe
1705 3065 1848 3103 kemut,
1875 3059 1949 3104 dass
1984 3069 2029 3093 ὅθ*

226 3126 401 3170 &machati
438 3139 489 3163 απ
526 3128 651 3163 dassen
685 3128 791 3162 Stella
827 3126 1092 3171 vorqeschlaqen
1129 3125 1266 3160 werden
1299 3126 1443 3166 mnata,
1474 3124 1563 3159 wird
1597 3124 1709 3159 haum
1739 3125 1844 3160 etwas
1876 3116 2030 3165 ,αἠἅᾳνθέ·
