2195 3554
1030 243 1083 250 m
1147 220 1314 260 15-

282 351 323 395 Β
600 357 662 392 185
737 350 1011 394 narrationis
1043 363 1151 407 prae
1182 350 1244 393 rei
1276 350 1510 402 miraculo,

734 420 813 463 sed
847 429 984 475 quam
1018 418 1231 474 frequens
1263 419 1514 463 auctoritas
1545 424 1618 462 sat
1651 419 1827 464 fulciat.

735 489 880 531 Aiunt
910 487 958 530 in
989 487 1124 530 huius
1154 486 1328 530 insulae
1359 488 1567 532 confiniis

736 570 972 613 nunquam
1006 569 1099 598 esse
1133 556 1326 599 formam
1360 557 1551 612 gurgitis
1581 557 1754 613 reliquo
1786 570 1970 615 parem·,·

732 626 1020 683 splendorem
1053 624 1223 680 ubique
1258 624 1426 681 quippe
1457 626 1601 668 inesse
1632 626 1854 670 fluctibus

594 700 660 736 190
732 695 842 737 vitri
875 694 932 737 ad
966 693 1175 744 nitorem,
1210 698 1256 735 et
1287 706 1367 749 per
1397 694 1676 749 profundum
1709 697 1955 739 marmoris

732 777 977 807 eoeaneam
1009 762 1057 805 in
1087 761 1223 805 undis
1255 775 1348 804 esse
1381 767 1534 804 cetum
1566 762 1825 818 imaginem.

734 832 961 876 Confundi
995 837 1044 874 at
1075 831 1164 874 illic
1197 844 1367 886 aequor
1397 831 1619 874 inmundo
1650 831 1754 875 luto

732 906 990 944 memorant
1021 899 1210 950 vetusti,
1243 913 1421 956 semper
1452 905 1592 956 atque
1624 900 1836 944 sordibus

732 975 784 1013 ut
817 969 1098 1012 faeculentos
1130 968 1332 1024 gurgites
1363 969 1633 1011 haerescere.

596 1045 659 1079 195
733 1038 912 1094 Cempsi
946 1042 1086 1093 atque
1118 1036 1244 1080 Sefes
1275 1037 1444 1080 arduos
1473 1037 1602 1080 collis
1631 1038 1804 1081 habent

280 1107 543 1151 Alexander.
595 1108 637 1149 Β
738 1107 992 1164 Ophiussae
1020 1106 1069 1148 in·
1097 1119 1225 1162 agro;
1277 1105 1292 1161 Η
1341 1111 1528 1162 propter
1556 1107 1638 1149 hos
1666 1107 1826 1163 pernix
1854 1108 1999 1164 Ligus

734 1177 1093 1232 Draganumque
1124 1174 1273 1231 proles
1303 1175 1388 1217 sub
1421 1175 1581 1218 nivoso
1612 1176 1812 1219 maxime

733 1245 1045 1302 septentrione
1075 1243 1429 1289 conlocaverant
1459 1243 1614 1286 larem.

734 1313 989 1357 Poetanion
1021 1318 1175 1355 autem
1210 1317 1278 1355 est
1309 1312 1458 1355 insula
1490 1312 1548 1355 ad
1581 1312 1737 1356 Sefum
1767 1313 1897 1356 latus

593 1389 660 1424 200
733 1382 1013 1440 patulusque
1043 1386 1220 1438 portus
1258 1381 1369 1424 Inde
1402 1381 1607 1438 Cempsis
1637 1381 1852 1425 adiacent

733 1452 889 1509 populi
924 1451 1166 1506 Cynetum.
1230 1451 1347 1493 Tum
1381 1450 1650 1505 Cyneticum
1682 1451 1860 1507 iugum,

735 1535 826 1577 qua
857 1520 1062 1563 sideralis
1092 1519 1206 1562 lucis
1236 1519 1473 1562 inclinatio
1506 1525 1588 1570 est,

735 1590 826 1632 alte
857 1594 1119 1632 tumescens
1150 1588 1259 1630 ditis
1291 1588 1503 1644 Europae
1535 1588 1759 1631 extimum

734 1659 782 1701 in
803 1658 977 1701 beluosi
1009 1657 1159 1713 vergit
1192 1656 1360 1700 Oceani
1384 1656 1545 1699 salum.

597 1733 662 1768 205
733 1728 837 1771 Ana
868 1727 1016 1769 amnis
1045 1726 1134 1768 illio
1165 1739 1245 1782 per
1277 1725 1477 1781 Cynetas
1507 1725 1653 1768 effluit

733 1796 971 1852 sulcatque
1003 1795 1234 1851 glae·bam;
1267 1794 1487 1851 panditur
1516 1808 1671 1837 rursus
1702 1794 1830 1838 sinus

735 1878 967 1921 cavusque
998 1877 1182 1920 caespes
1212 1863 1260 1906 in
1290 1863 1523 1906 meridiem
1556 1868 1701 1920 patet.

735 1935 992 1977 Memorato
1023 1933 1080 1976 ab
1114 1932 1237 1975 amni
1269 1932 1448 1988 gemina
1480 1945 1575 1975 sese
1606 1932 1797 1976 flumina

736 2003 952 2046 scindunt
983 2006 1184 2059 repente,
1217 2012 1387 2058 perque
1418 2001 1639 2057 praedicti
1671 2002 1799 2044 sinus

603 2080 667 2115 210
740 2086 941 2115 crassum
972 2071 1210 2128 liquorem,
1242 2095 1301 2102 -—
1333 2070 1502 2126 quippe
1531 2070 1786 2127 pinguescit
1815 2070 1919 2114 luto

739 2155 873 2185 omne
898 2141 970 2183 hic
996 2140 1292 2197 profundum,
1318 2164 1376 2170 —
1399 2138 1526 2181 lenta
1550 2139 1747 2182 trudunt
1774 2139 1975 2195 agmina.

742 2210 827 2254 Hic
858 2210 1109 2253 insularum
1142 2212 1286 2252 semet
1317 2207 1409 2251 alte
1440 2207 1634 2264 subrigit

738 2284 901 2322 vertex
932 2279 1148 2329 duarum;
1182 2277 1378 2321 nominis
1408 2276 1557 2320 minor
1586 2275 1742 2333 indiga
1772 2281 1856 2329 est,

741 2348 877 2391 aliam
909 2347 1096 2391 vocavit
1127 2360 1228 2391 mos
1256 2351 1397 2389 tenax
1427 2344 1653 2402 Agonida.

401 2559 479 2592 185.
502 2557 727 2592 narrationis
742 2554 782 2592 V.
801 2555 877 2591 und
891 2555 1017 2596 Barth,
1033 2555 1241 2590 narrationi
1255 2554 1305 2590 W.
1370 2555 1448 2589 186.
1473 2553 1529 2588 sal
1543 2552 1597 2594 V.,
1616 2556 1676 2588 sat
1691 2551 1742 2587 W.
1802 2551 1880 2588 187.
1901 2550 2019 2586 insule
2035 2546 2094 2591 V..

291 2612 491 2649 insulaeW.
553 2616 631 2649 188.
644 2626 839 2660 nunquam
857 2614 910 2654 V.,
930 2625 1136 2658 numquam
1148 2613 1196 2647 H.
1224 2613 1361 2658 gurgiti
1379 2612 1419 2646 V.
1433 2611 1509 2646 und
1519 2611 1557 2645 H
1561 2638 1581 2652 .‚
1595 2611 1750 2656 gurgitis
1767 2609 1817 2644 W.
1879 2610 1957 2643 189.
1971 2607 2098 2653 splen«

290 2672 376 2706 dore
392 2671 445 2711 V..
469 2672 703 2717 splendorem
720 2673 770 2706 W.
840 2673 917 2706 190.
941 2671 1166 2716 profundam
1183 2671 1236 2711 V.,
1259 2669 1485 2715 profundum
1505 2669 1555 2703 W.
1623 2669 1701 2703 191.
1722 2678 1920 2702 coeaneam
1938 2665 1992 2706 V.,
2012 2676 2083 2710 eya
2103 2681 2119 2691 a

294 2737 403 2764 neam
422 2730 472 2765 W.
505 2734 649 2764 certum
666 2731 864 2775 imaginem
880 2734 937 2764 est
953 2729 1006 2769 V.,
1035 2733 1161 2763 cetum
1178 2729 1376 2773 imaginem
1392 2726 1441 2761 K.
1462 2726 1610 2766 Mamer,
1631 2725 1763 2759 Philol.
1785 2725 1830 2759 32
1856 2723 1993 2769 (1873)
2017 2722 2087 2757 119
2101 2745 2113 2755 .

297 2788 376 2822 192.
411 2788 605 2822 confodiat
630 2787 683 2827 V.,
730 2787 909 2822 confundi
948 2791 988 2821 at
1013 2787 1077 2832 W.‚
1113 2780 1278 2820 {munda
1303 2785 1356 2826 V.,
1403 2783 1596 2819 immundo
1623 2795 1646 2817 a
1671 2783 1736 2823 W„
1779 2780 1959 2816 inmundo
1986 2791 2009 2814 a
2034 2779 2083 2814 H.
2100 2802 2113 2820 ,

290 2843 474 2879 inmundo
507 2845 545 2879 S.
665 2846 742 2880 194.
779 2845 984 2879 feculentos
1020 2844 1074 2885 V.,
1110 2844 1340 2878 faeculentos
1377 2842 1427 2876 W.
1476 2841 1664 2875 herescere
1705 2839 1758 2880 V.,
1796 2839 2009 2873 haerescere
2046 2836 2088 2871 W
2102 2859 2115 2870 ψ

293 2899 372 2937 195.
391 2902 516 2937 Saeses
535 2902 589 2942 V.,
609 2903 710 2938 Sefes
726 2902 849 2942 BIarx,
868 2902 997 2936 Rhein.
1015 2901 1061 2935 M
1063 2913 1118 2935 us.
1138 2902 1182 2935 51
1207 2900 1346 2944 (1895)
1367 2900 1447 2939 338,
1464 2899 1529 2942 vql.
1550 2898 1589 2933 V.
1609 2898 1687 2933 199.
1724 2897 1828 2932 collis
1845 2895 1899 2936 V.,
1916 2895 2028 2930 colles
2044 2893 2101 2928 W.

294 2960 372 2994 196.
393 2959 576 3004 Ophiusse
601 2959 654 3000 V.,
675 2960 862 3005 Ophiusae
887 2960 950 2999 W„
979 2959 1185 3004 Ophiussae
1210 2958 1259 2992 H.
1301 2958 1394 2992 lucis
1420 2956 1474 2996 V.,
1496 2956 1609 3001 Ligus
1634 2955 1683 2990 W.
1785 2956 1862 2990 197.
1882 2954 2014 2987 niuosa
2036 2949 2097 2990 V.,

290 3017 421 3051 niuoso
453 3017 503 3051 W.
606 3019 683 3052 198.
712 3017 1002 3052 conlocaverant
1025 3016 1077 3057 V.,
1099 3016 1375 3051 collocaverant
1397 3012 1446 3049 W.
1553 3015 1630 3048 199.
1655 3013 1860 3048 Poetanion
1883 3010 1937 3050 V.,
1959 3009 2091 3043 Paeta-

291 3074 380 3108 nion
403 3075 452 3109 W.
496 3075 545 3109 ad
561 3086 599 3109 se
617 3075 762 3109 fumum
779 3075 873 3109 latet
896 3074 949 3114 V.,
975 3074 1024 3108 ad
1043 3074 1254 3119 Zephyrum
1277 3073 1399 3107 latens
1428 3072 1492 3111 W„
1518 3071 1567 3105 ad
1583 3070 1782 3106 Sefumum
1795 3069 1915 3103 latens
1930 3066 1976 3100 M
1978 3066 2094 3100 ‘oulen‘

292 3126 365 3175 hoff
380 3130 417 3172 Ι,
433 3132 514 3173 105,
533 3132 582 3167 ad.
597 3132 751 3168 Saefum
766 3132 866 3166 latus
881 3131 930 3166 K.
947 3131 1083 3165 Melum·
1103 3143 1148 3165 zu
1162 3131 1310 3166 Ptolem.
1327 3129 1386 3170 II,
1403 3131 1439 3170 5,
1458 3129 1480 3165 2
1500 3140 1535 3173 p.
1555 3128 1635 3169 132,
1653 3127 1702 3163 ad
1718 3127 1847 3163 Seium
1862 3125 1965 3161 latus
1979 3122 2097 3158 Marx
