2195 3554
977 271 1030 280 .....
1094 248 1145 290 14
1206 273 1259 280 -..

216 379 254 421 Α
533 383 594 418 135
671 378 948 434 Liguresque
981 380 1113 435 pulsi,
1148 385 1199 423 ut
1231 395 1365 438 saepe
1399 382 1490 424 fors
1522 381 1698 438 aliquos
1731 384 1839 441 agit,

666 461 832 490 venere
863 447 910 489 in
941 448 1045 499 ista,
1081 463 1197 504 quae
1229 463 1310 506 per
1340 450 1568 493 horrentis
1598 455 1759 494 tenent

666 516 934 572 plerumque
967 517 1143 560 dumos.
1209 517 1374 561 Creber
1405 518 1474 561 his
1506 532 1696 576 scrupus
1727 520 1837 564 locis

665 584 928 641 rigidaeque
960 599 1109 642 rupes,
1145 591 1285 642 atque
1317 587 1544 630 montium
1578 589 1728 632 minae

666 653 792 697 coelo
824 654 1100 697 inseruntur.
1167 655 1228 697 Et
1261 655 1401 710 fugax
1433 670 1542 711 gens
1574 657 1684 700 haec
1719 658 1903 714 quidem

530 727 593 763 140
667 722 745 764 diu
777 722 897 765 inter
928 727 1031 766 arta
1062 724 1267 767 cautium
1301 724 1435 766 duxit
1467 724 1586 767 diem

665 796 839 834 secreta
872 792 929 834 ab
962 792 1116 844 undis;
1152 807 1258 835 nam
1292 793 1373 835 sali
1406 797 1616 836 metuens
1650 800 1748 837 erat

665 860 863 916 priscum
898 860 954 903 ob
987 861 1227 917 periclum;
1262 867 1367 918 post
1401 861 1527 918 quies
1559 867 1605 905 et
1638 863 1785 907 otium

664 927 909 972 securitate
941 930 1187 972 roborante
1220 931 1461 973 audaciam

664 997 890 1053 persuasit
923 996 1028 1040 altis
1061 999 1223 1041 devehi
1256 1000 1496 1050 cubilibus,

531 1070 592 1106 145
668 1070 807 1122 atquc
839 1066 886 1108 in
918 1068 1118 1110 marinos
1149 1067 1240 1110 iam
1273 1068 1395 1111 locos
1428 1068 1714 1112 descendere.

756 1136 865 1178 Post
896 1135 974 1178 illa
1004 1150 1200 1188 rursum,
1236 1151 1351 1193 quae
1383 1151 1522 1193 supra
1555 1138 1638 1180 fati
1670 1152 1845 1190 sumus,

664 1217 860 1259 magnus
892 1205 1089 1260 patescit
1121 1206 1330 1262 aequoris
1364 1206 1450 1248 fusi
1483 1207 1611 1249 sinus

666 1272 941 1333 Ophiussam
976 1274 1033 1316 ad
1067 1288 1224 1331 usque.
1293 1275 1492 1317 Rursum
1526 1275 1583 1318 ab
1616 1275 1751 1318 huius
1781 1275 1939 1320 littore

668 1341 906 1384 Internum
943 1343 1000 1385 ad
1036 1357 1222 1399 aequor,
1260 1357 1348 1399 quo
1383 1358 1507 1386 marc
1541 1344 1771 1387 insinuare
1805 1358 1852 1388 se

525 1415 588 1451 150
662 1410 755 1453 dixi
790 1416 896 1454 ante
928 1412 1075 1463 terris,
1112 1413 1325 1469 quodque
1359 1412 1554 1455 Sardum
1589 1418 1875 1470 nuncupant,

660 1484 836 1536 septem
870 1480 1045 1523 dicrum
1078 1482 1286 1524 tenditur
1317 1482 1461 1538 pediti
1494 1482 1583 1524 via.

661 1548 890 1605 Ophiussa
921 1563 1055 1606 porro
1087 1555 1223 1592 tanta
1254 1551 1475 1607 panditur
1505 1551 1642 1602 latus,

661 1622 884 1673 quantam
916 1618 1062 1661 iacere
1095 1619 1275 1676 Pelopis
1307 1620 1438 1662 audis
1469 1619 1666 1662 insulam

660 1687 899 1731 Graiorum
923 1687 971 1730 in
993 1701 1115 1743 agro.
1173 1688 1296 1730 Haec
1321 1689 1445 1731 dicta
1467 1688 1613 1745 primo
1638 1687 1925 1744 Oestrymnis
1946 1694 2006 1732 est

526 1748 587 1795 155
660 1755 783 1799 locos
816 1760 861 1799 et
894 1770 1005 1799 arva
1038 1757 1367 1812 Oestrymnicis
1399 1757 1740 1809 habitantibus;

659 1829 765 1881 post
796 1825 944 1868 multa
976 1839 1160 1882 serpens
1193 1826 1415 1882 effugavit
1446 1826 1632 1878 incolas,

659 1907 948 1950 vacuamque
979 1895 1189 1950 glaebam
1224 1895 1419 1938 nominis
1452 1895 1559 1937 fecit
1591 1895 1673 1938 sui.

660 1963 873 2006 Procedit
904 1963 1009 2006 inde
1040 1963 1088 2006 in
1120 1964 1320 2020 gurgites
1352 1964 1539 2007 Veneris
1570 1964 1743 2020 iugum,

658 2031 1065 2089 circumlatratque
1097 2038 1268 2090 pontus
1299 2034 1469 2075 insulas
1502 2033 1617 2076 duas

520 2105 587 2142 160
659 2105 797 2144 tenue
831 2101 888 2144 ob
919 2101 1122 2146 locorum
1155 2102 1423 2158 inhospitas.
1487 2102 1681 2145 Aruium

658 2184 838 2213 rursum
871 2170 1088 2213 tumescit
1119 2171 1380 2227 prominens
1412 2171 1459 2213 in
1492 2183 1703 2227 asperum·

658 2239 1039 2295 septentrionem;
1073 2254 1231 2283 cursus
1263 2245 1418 2284 autem
1451 2240 1555 2282 hinc
1588 2239 1809 2282 classibus

658 2321 802 2364 usque
833 2308 881 2351 in
912 2309 1148 2351 columnas
1181 2309 1376 2352 efficacis
1411 2308 1618 2351 Herculis

659 2377 859 2433 quinque
893 2382 961 2420 est
994 2377 1182 2420 dierum.
1248 2373 1358 2421 Post
1389 2378 1568 2434 pelagia
1600 2381 1668 2420 est
1699 2376 1848 2422 insula

521 2448 584 2486 165
658 2446 902 2489 herbarum
936 2447 1178 2489 abundans
1209 2451 1348 2503 atque
1381 2446 1580 2489 Saturno
1612 2459 1761 2496 sacra;

657 2515 735 2557 sed
767 2515 838 2558 vis
868 2515 917 2558 in
946 2515 1023 2558 illa
1053 2520 1189 2558 tanta
1221 2515 1443 2558 naturalis
1475 2519 1557 2566 est,

326 2699 404 2734 136.
447 2698 633 2735 horrentis
680 2700 734 2741 V.,
776 2700 970 2736 horrentes
1017 2701 1066 2736 W.
1233 2702 1310 2738 137.
1354 2701 1559 2746 plerunque
1602 2699 1656 2740 V.,
1699 2699 1919 2745 plerumque
1952 2694 2003 2733 W.

206 2753 285 2790 139.
314 2756 417 2791 coelo
426 2756 479 2798 V.,
501 2758 603 2793 caelo
618 2758 667 2793 H.
745 2759 822 2793 142.
846 2759 1052 2804 periculum
1075 2758 1128 2799 V.,
1151 2759 1330 2805 periclum
1352 2758 1402 2794 W.
1480 2760 1558 2793 146.
1576 2758 1687 2802 super
1702 2757 1794 2791 facti
1816 2754 1870 2796 V.,
1892 2765 2007 2800 supra

204 2809 276 2847 tati
293 2812 343 2848 W.
397 2815 475 2851 147.
494 2812 659 2850 fussinus
678 2815 731 2856 V.,
749 2816 822 2851 fusi
841 2817 944 2851 sinus
961 2816 1011 2852 W.
1065 2818 1144 2852 148.
1164 2816 1369 2861 Ophiusam
1387 2815 1441 2857 V.,
1464 2815 1688 2860 Ophiussam
1703 2814 1752 2855 S„
1769 2814 1837 2858 vql.
1857 2812 1898 2848 V.
1921 2812 2002 2848 152.

205 2869 285 2904 172.
309 2871 390 2906 196.
483 2872 610 2907 littore
636 2873 690 2914 V.,
712 2873 822 2909 litore
848 2874 898 2909 W.
995 2876 1073 2909 149.
1097 2886 1172 2920 qua,
1198 2872 1251 2915 V.,
1275 2886 1348 2919 quo
1369 2873 1406 2908 S.
1504 2874 1582 2908 150.
1606 2872 1766 2908 Sardum
1792 2870 1846 2912 V.,
1873 2869 2004 2914 Unqer,

204 2924 333 2962 Rham.
359 2928 461 2964 Mus.
487 2930 533 2965 38
563 2931 701 2975 (1883)
728 2932 798 2966 187
819 2931 895 2966 und
916 2932 1052 2976 Sonny,
1075 2932 1131 2966 De
1152 2931 1197 2966 M
1200 2932 1298 2966 assil.
1323 2931 1425 2965 rebus
1447 2942 1482 2975 p.
1507 2931 1569 2968 26,·
1592 2930 1751 2965 Sordum
1772 2927 1818 2963 M
1821 2923 2003 2971 ffllenhoffi

202 2981 250 3018 D.
267 2984 313 3019 A.
332 2985 365 3026 I,
382 2987 438 3022 98.
456 2987 536 3028 181,
552 2988 725 3023 vielleicht
737 2988 875 3032 richtiq.
965 2991 1042 3025 151.
1059 2990 1182 3024 reditu
1195 2990 1279 3024 uiae
1300 2988 1352 3029 V.,
1369 2988 1486 3034 pediti
1500 2989 1563 3022 uia
1583 2988 1633 3023 W.
1723 2987 1800 3021 152.
1818 2985 2005 3030 Ophiussa

208 3039 263 3082 V.,
283 3041 451 3087 Ophiusa
474 3045 523 3079 W.
630 3047 708 3081 154.
729 3046 961 3092 Oestrymnis
984 3047 1037 3088 V.,
1057 3047 1290 3093 Oestrymnis
1307 3050 1364 3081 est
1387 3045 1437 3081 W.
1530 3047 1608 3081 155.
1627 3045 1732 3080 lo‘cus
1754 3042 1807 3084 V.,
1825 3043 1927 3077 locos
1949 3035 2001 3075 W.

207 3098 285 3135 156.
316 3100 435 3136 Avien
462 3102 524 3137 hal
551 3102 627 3137 hier
655 3103 895 3138 anscheinend
921 3105 1037 3148 falech.
1064 3105 1245 3140 ilbersetzt:
1273 3104 1344 3139 Die
1363 3103 1629 3147 Einyeborenen
1653 3101 1785 3146 Opheis
1813 3098 2004 3134 ver-trieben

207 3154 268 3191 die
293 3168 362 3192 von
387 3158 449 3194 der
474 3160 649 3205 Bretaqne
674 3161 980 3207 eimedrunqenen
1007 3163 1253 3209 Oestrymnici,
1285 3160 1361 3199 und
1387 3161 1498 3205 qaben
1524 3161 1638 3195 ikrem
1664 3157 1787 3194 Laude
1812 3156 1881 3192 den
1907 3155 2005 3191 alten
