2195 3554
257 379 302 421 A
723 374 806 416 Hic
839 374 1069 418 adstitisse
1101 376 1337 420 civitatem
1371 377 1610 433 Cypselam

714 443 805 486 iam
839 443 962 486 fama
993 449 1178 487 tantum
1213 450 1300 496 est;
1337 447 1459 489 nulla
1492 461 1596 490 narn
1630 448 1823 504 vestigia

714 511 876 568 prioris
907 512 1032 555 urbis
1063 527 1273 570 asperum
1306 520 1460 557 seivat
1491 516 1651 559 solum.

576 587 641 622 530
717 581 920 623 Dehiscit
951 581 1039 624 illic
1072 583 1274 626 maximo
1306 590 1466 639 portus
1497 585 1613 635 sinu,

715 663 972 706 cavumque
1003 651 1094 693 late
1127 652 1373 708 caespitem
1406 653 1572 709 inrepit
1603 654 1764 697 salum.

716 719 825 762 Post
859 733 973 775 quae
1006 721 1230 763 recumbit
1261 721 1393 763 littus
1427 721 1725 765 Indiceticum

716 788 920 844 Pyrenae
954 789 1010 831 ad
1044 803 1188 845 usque
1219 790 1518 846 prominentis
1549 791 1781 834 verticem.

719 858 802 900 Per
832 857 964 900 littus
995 858 1120 909 illud,
1157 859 1276 914 quod
1310 859 1453 901 iacere
1486 860 1685 902 diximus

579 931 642 967 535
715 930 869 968 tractu
900 927 1078 982 supino,
1112 941 1160 970 se
1190 928 1392 971 Malodes
1424 929 1590 971 exserit

716 1009 861 1045 mons,
894 995 1013 1037 inter
1044 996 1191 1038 undas
1221 1011 1307 1050 qua
1338 1001 1521 1039 tument
1552 997 1730 1051 scopuli
1759 997 1845 1040 duo

717 1064 1013 1120 geminusque
1045 1070 1193 1107 vertex
1223 1065 1336 1107 celsa
1366 1065 1554 1107 nubium
1583 1067 1702 1120 petit.

721 1132 815 1176 Hos
846 1133 967 1175 inter
997 1138 1152 1176 autem
1185 1139 1346 1190 portus
1378 1135 1517 1177 effuse
1549 1135 1681 1186 iacet,

721 1202 945 1257 nullisque
977 1202 1132 1244 flabris
1164 1216 1334 1259 aequor
1366 1208 1434 1246 est
1466 1204 1736 1255 obnoxium;

576 1276 644 1312 540
719 1269 782 1313 sic
812 1283 945 1313 omne
975 1271 1068 1314 late
1100 1271 1371 1328 praelocatis
1401 1273 1592 1328 rupibus

714 1339 837 1383 latus
869 1339 1067 1383 ambiere
1099 1341 1304 1383 cautium
1335 1342 1590 1392 cacumina,

714 1408 924 1464 interque
957 1422 1070 1451 saxa
1099 1410 1327 1452 inmobilis
1359 1424 1520 1465 gurges
1549 1410 1679 1461 latet,

717 1478 910 1533 quiescit
943 1491 1128 1534 aequor,
1164 1478 1351 1534 pelagus
1382 1479 1607 1522 inclusum
1640 1484 1810 1536 stupet.

713 1546 937 1603 Stagnum
972 1547 1077 1590 inde
1109 1547 1248 1590 Tonis
1279 1549 1505 1590 montium
1538 1549 1585 1590 in
1616 1548 1860 1599 radicibus,

574 1621 643 1657 545
715 1616 1053 1673 Totonitaeque
1087 1616 1316 1659 attollitur
1352 1616 1477 1673 rupis
1506 1617 1678 1673 iugum,

715 1699 796 1743 per
828 1700 945 1742 quae
975 1699 1166 1729 sonorus
1199 1685 1346 1728 volvit
1377 1699 1547 1742 aequor
1578 1699 1820 1743 spumeum

715 1755 922 1810 Anystus
955 1755 1102 1798 amnis
1133 1759 1178 1797 et
1211 1755 1357 1797 salum
1391 1754 1536 1798 fluctu
1568 1760 1705 1798 secat.

720 1823 843 1866 Haec
875 1828 1063 1881 propter
1093 1824 1242 1867 undas
1273 1828 1413 1879 atque
1446 1823 1565 1867 salsa
1599 1829 1708 1867 sunt
1742 1826 1873 1867 freta.

715 1893 778 1936 At
812 1893 1028 1950 quicquid
1061 1892 1155 1948 agri
1188 1893 1310 1936 cedit
1342 1892 1435 1937 alto
1469 1907 1495 1936 a
1528 1894 1719 1949 gurgite,

582 1965 648 2002 550
721 1961 902 2005 Ceretes
933 1976 1066 2005 omne
1099 1967 1144 2004 et
1174 1962 1477 2006 Aucoceretes
1507 1963 1634 2019 prius

719 2031 919 2074 habuere
951 2031 1073 2082 duri;
1108 2044 1228 2074 nunc
1260 2032 1359 2088 pari
1391 2032 1475 2075 sub
1509 2033 1692 2075 nomine

719 2113 830 2156 gens
861 2105 930 2144 est
964 2100 1199 2143 Hiberum.

1258 2169 1429 2213 Sordus
1459 2170 1565 2213 inde
1597 2169 1791 2226 denique

713 2237 911 2295 populus
943 2238 1109 2294 agebat
1139 2239 1260 2281 inter
1291 2239 1418 2282 avios
1447 2239 1584 2289 lOCOS,

715 2320 767 2350 ac
799 2307 1082 2364 pertinentes
1112 2321 1257 2364 usque
1289 2308 1358 2367 ad·
1382 2308 1580 2352 Interius
1610 2321 1749 2359 mare,

377 2470 459 2505 531.
500 2469 680 2515 cespitem
729 2469 783 2510 V.,
844 2470 1047 2515 caespitem
1087 2470 1137 2505 H.
1271 2472 1352 2507 532.
1402 2483 1474 2517 que
1501 2471 1555 2512 V.,
1595 2483 1691 2517 quae
1718 2471 1769 2506 W.
1859 2470 1968 2505 littus
2009 2465 2064 2508 V.,

261 2526 354 2561 litus
395 2527 447 2562 W.
538 2527 788 2562 Indiceticum
816 2527 870 2568 V.,
915 2527 1165 2573 Indigeticum
1202 2528 1253 2563 W.
1398 2530 1478 2564 533.
1528 2529 1671 2574 Pyrene
1707 2528 1762 2569 V.,
1809 2528 1977 2574 Pyrenae
2013 2525 2064 2560 W.

259 2585 343 2619 534.
376 2588 464 2630 post
485 2583 540 2625 7.,
586 2596 653 2630 per
674 2584 812 2630 Somm,
866 2584 922 2619 De
953 2584 1099 2620 Massil.
1140 2586 1244 2620 rebus
1283 2597 1318 2630 p.
1343 2587 1400 2621 54.
1451 2587 1559 2621 littus
1587 2586 1642 2627 V.,
1679 2587 1768 2621 litus
1795 2585 1846 2620 W.
1983 2583 2065 2618 535.

262 2642 384 2677 exerit
411 2642 466 2682 V.,
503 2643 640 2678 exserit
668 2642 719 2676 W.
787 2643 869 2678 536.
907 2642 1028 2677 undas
1044 2669 1052 2677 .
1070 2668 1078 2677 .
1097 2669 1105 2677 .
1123 2647 1272 2678 tument
1307 2655 1371 2679 sco
1390 2670 1562 2680 .......
1590 2644 1643 2684 7.,
1677 2644 1798 2678 undas
1822 2654 1893 2688 qua
1917 2644 2067 2676 tument

262 2701 415 2744 scopuli
438 2700 509 2734 duo
540 2699 606 2740 W„
662 2700 783 2735 undas
822 2711 889 2745 quo
938 2704 1088 2735 tument
1134 2702 1283 2746 scopuli
1330 2703 1403 2736 loco
1458 2702 1575 2746 Unqer
1596 2713 1630 2736 a.
1654 2713 1688 2736 a.
1715 2701 1755 2736 Ο.
1780 2713 1816 2745 p.
1863 2699 1944 2735 258.
1985 2698 2068 2734 537.

264 2758 510 2803 geminusque
532 2769 598 2793 ver
614 2784 1119 2793 ...................
1153 2758 1208 2799 7.,
1247 2760 1490 2804 geminusque
1519 2764 1639 2794 vertex
1675 2760 1766 2794 celsa
1799 2757 1953 2792 nubium
1982 2756 2070 2800 petit

272 2814 324 2849 W.
372 2815 454 2850 538.
478 2818 547 2850 aut
574 2814 628 2855 V.,
656 2818 783 2850 autem
812 2815 862 2849 W.
904 2816 985 2850 542.
1025 2816 1225 2851 immobilis
1254 2816 1307 2857 V.,
1331 2817 1518 2851 inmobilis
1539 2817 1578 2851 S.
1647 2819 1728 2852 544.
1762 2816 1856 2851 Toni
1884 2814 1939 2854 V.,
1976 2812 2069 2847 Toni

262 2871 312 2906 K.
333 2870 468 2907 Miiller
488 2884 533 2907 zu
548 2871 699 2907 Ptolem.
723 2872 770 2906 II
772 2899 780 2913 ‚
792 2873 825 2913 6,
838 2873 882 2907 16
891 2885 926 2917 p.
952 2873 1046 2914 152„
1070 2873 1200 2909 Tonon
1228 2874 1279 2909 W.
1326 2874 1404 2908 Das
1426 2874 1511 2910 Vere
1533 2876 1603 2909 545
1624 2875 1665 2908 in
1687 2874 1726 2909 V.
1750 2871 1933 2917 anqeblich
1948 2871 2068 2905 Tono-

264 2929 363 2964 nites
378 2930 542 2965 lautende
557 2930 728 2974 Adjektiv
746 2930 882 2965 scheint
903 2931 1095 2975 allerdinys
1110 2931 1178 2966 den
1194 2931 1234 2966 N
1233 2943 1338 2966 amen
1353 2932 1495 2972 Tonon,
1524 2932 1623 2966 nicht
1646 2933 1739 2967 Toni
1766 2932 2069 2967 vorauszwsetzen,

262 2986 347 3021 aber
371 2986 437 3021 das
469 2987 639 3022 iberis-che
670 2987 855 3023 deneelben
881 2988 1024 3023 Namen
1046 2989 1211 3034 traqende
1230 2989 1415 3034 Flilssclzen
1439 2990 1672 3025 Tne-tonissa
1702 2987 1878 3033 (Martial
1902 2985 1974 3026 IV,
2012 2984 2070 3025 55,

265 3044 328 3082 22:
357 3045 424 3088 vql.
454 3044 514 3080 die
541 3044 686 3080 Namen
717 3046 810 3080 Tuci
844 3046 921 3080 und
958 3047 1157 3092 Tua-tuci)
1196 3047 1297 3091 zeiyt,
1333 3047 1406 3091 ᾱαβ
1444 3048 1558 3082 Tonis
1595 3059 1640 3083 zu
1675 3046 1855 3082 schreiben
1892 3044 1952 3084 ist,
1993 3040 2072 3076 und

266 3101 323 3136 bei
345 3101 405 3136 der
428 3103 469 3137 in
492 3102 686 3138 iberi-§chen
710 3103 853 3138 Namen
876 3103 1000 3148 hdufiq
1021 3104 1262 3139 cintretenden
1285 3104 1569 3150 Reduplikation
1590 3105 1650 3140 der
1673 3109 1787 3139 ersten
1809 3102 1907 3137 Silbe
1935 3099 1975 3135 V.
2001 3099 2072 3134 545

268 3158 553 3205 Totonitaeque.
598 3160 669 3195 Die
688 3161 882 3196 iberischen
902 3161 1148 3206 Eiqennamen
1168 3162 1308 3197 Tonius
1327 3162 1404 3197 und
1423 3164 1588 3198 Tottonis
1607 3162 1799 3206 bestatiqen
1817 3159 1912 3194 diosc
1930 3156 2069 3193 Schmi-
