2195 3554
1037 232 1320 272 ...35-

287 367 432 411 Avien
599 368 667 405 390
828 361 1037 405 Oceanus
1066 362 1153 405 iste
1184 368 1266 414 est,
1301 363 1421 407 orbis
1444 364 1571 407 effusi
1605 365 1760 421 procul

738 430 1118 482 circumlatrator,
1150 431 1237 474 iste
1268 437 1438 488 pontus
1468 433 1709 476 maximus.

743 498 827 541 Hic
860 513 1021 555 gurges
1053 513 1154 542 oras
1185 500 1404 552 ambiens,
1438 501 1509 544 hic
1540 502 1689 544 intimi

741 567 846 610 salis
876 567 1111 623 inrigator‚
1144 568 1215 611 hic
1248 583 1412 625 parens
1444 571 1585 613 nostri
1618 571 1770 613 maris.

290 650 493 696 Dionysius
509 648 644 692 Perieq.
744 637 988 693 Plerosque
1021 637 1188 694 quippe
1221 638 1501 681 extrinsecus
1532 645 1695 682 curvat
1727 639 1865 691 sinus,

294 711 312 756 s
319 708 394 744 und
417 707 556 752 Amen)
606 711 671 747 395
746 710 1045 762 nostrumque
1075 706 1123 748 in
1155 706 1309 749 orbem
1341 706 1411 749 vis
1442 708 1656 763 profundi
1688 709 1922 752 inlabitur.

745 774 832 817 Sed
866 789 947 818 nos
976 775 1217 831 loquemur
1247 776 1473 819 maximos
1503 776 1589 819 tibi
1623 782 1856 833 quattuor.

747 844 901 887 Prima
932 843 1066 887 huius
1098 858 1203 900 ergo
1233 844 1281 887 in
1311 845 1558 901 caespitem
1590 845 1838 890 insinuatio
1870 851 1939 889 est

751 912 998 969 Hesperius
1029 918 1182 956 aestus
1214 918 1354 969 atque
1384 914 1671 957 Atlanticum
1703 915 1850 958 salum
1861 930 1871 966 ;

753 981 971 1036 Hyrcana
1000 995 1156 1024 rursus
1186 983 1325 1033 unda,
1359 982 1573 1039 Caspium
1605 997 1750 1035 mare3

611 1056 679 1091 400
751 1050 899 1093 salum
934 1049 1211 1102 Indicorum,
1243 1055 1373 1107 terga
1403 1052 1571 1095 fluctus
1603 1053 1790 1104 Persici;

754 1119 994 1175 Arabsque
1026 1133 1187 1175 gurges
1218 1120 1302 1163 sub
1334 1124 1521 1177 tepente
1551 1121 1644 1164 iam
1678 1127 1806 1165 noto.

763 1189 896 1231 Hunc
928 1202 1037 1231 usus
1069 1188 1174 1232 olim
1208 1189 1325 1232 dixit
1358 1189 1590 1233 Oceanum
1623 1196 1772 1242 vetus,

761 1257 966 1314 alterque
999 1257 1116 1300 dixit
1147 1272 1246 1302 mos
1277 1258 1564 1302 Atlanticum
1596 1273 1734 1302 mare.

761 1328 917 1382 Longo
949 1327 1207 1384 explicatur
1237 1341 1398 1383 gurges
1429 1328 1564 1371 huius
1596 1329 1789 1380 ambitu,

623 1401 689 1437 405
763 1396 1121 1453 produciturque
1153 1396 1295 1439 latere
1327 1397 1502 1454 prolixe
1532 1411 1665 1453 vago.

308 1479 469 1515 Himilco
500 1477 589 1522 (aus
765 1465 1038 1521 Plerumque
1069 1479 1203 1522 porro
1235 1470 1373 1508 tenue
1404 1466 1611 1509 tenditur
1642 1466 1804 1517 salum,

355 1536 506 1583 Scylaae)
763 1538 817 1577 ut
847 1534 927 1577 vix
958 1534 1152 1577 harenas
1183 1535 1462 1578 subiacentis
1495 1535 1687 1578 occulat.

763 1603 1023 1660 Exsuperat
1056 1608 1211 1646 autem
1244 1604 1470 1660 gurgitem
1503 1605 1634 1648 fucus
1665 1604 1879 1661 frequens

763 1677 904 1729 atque
935 1673 1186 1730 impeditur
1217 1677 1370 1716 aestus
1402 1673 1473 1716 hic
1506 1673 1694 1729 uligine;

630 1749 695 1784 410
764 1741 835 1785 vis
865 1741 1103 1785 beluarum
1136 1742 1323 1799 pelagus
1355 1756 1488 1786 omne
1518 1743 1789 1795 internatat,

765 1810 1031 1867 multusque
1061 1815 1208 1854 terror
1239 1824 1294 1854 ex
1327 1812 1432 1854 feris
1463 1811 1647 1854 habitat
1678 1812 1809 1855 freta.

319 1884 467 1927 Avien
778 1881 902 1923 Haec
936 1880 1042 1924 olim
1077 1880 1273 1924 Himilco
1306 1881 1485 1923 Poenus
1518 1881 1700 1924 Oceano
1731 1894 1867 1938 super

777 1954 1006 2006 spectasse
1038 1954 1183 1993 semet
1215 1954 1260 1992 et
1291 1950 1507 2006 probasse
1539 1950 1717 2001 retulit3

778 2019 890 2062 haec
923 2033 1004 2062 nos
1036 2019 1094 2062 ab
1126 2018 1228 2061 imis
1261 2019 1536 2062 Punicorum
1570 2019 1813 2062 annalibus

641 2093 702 2129 415
774 2088 956 2145 prolata
985 2087 1122 2143 longo
1151 2092 1357 2144 tempore
1390 2088 1616 2131 edidimus
1644 2088 1744 2130 tibi.

863 2157 994 2199 Nunc
1025 2157 1117 2199 iam
1148 2170 1356 2200 recursus
1387 2158 1445 2200 ad
1477 2157 1629 2214 priora
1660 2157 1720 2200 sit
1753 2156 1872 2200 stilo.

774 2225 922 2282 Igitur
951 2226 1206 2277 columnae,
1238 2230 1292 2269 ut
1324 2226 1543 2277 dixeram,
1577 2226 1805 2281 Libystidi

773 2295 984 2352 Europae
1015 2294 1064 2338 in
1095 2309 1203 2351 agro
1236 2295 1429 2338 adversa
1459 2295 1605 2351 surgit
1637 2295 1794 2338 altera.

319 2369 362 2411 Β
776 2364 862 2408 Hic
895 2364 1094 2420 Chrysus
1126 2364 1273 2407 amnis
1302 2364 1448 2407 intrat
1479 2364 1625 2407 altum
1657 2364 1900 2420 gurgitem,

636 2439 701 2475 420
773 2433 898 2477 ultra
928 2434 1135 2489 citraque
1167 2437 1389 2489 quattuor
1419 2438 1576 2489 gentes
1607 2433 1778 2476 colunt.

776 2503 894 2546 Nam
926 2507 1036 2546 sunt
1068 2502 1238 2546 feroces
1269 2503 1354 2546 hoc
1383 2502 1470 2546 loci
1502 2501 1879 2559 Libyphoenices,

431 2635 512 2671 391.
535 2635 676 2669 circum
702 2634 863 2668 latratur
887 2632 940 2674 V.,
961 2633 1263 2668 circumlatrator
1285 2632 1337 2668 W.
1489 2633 1569 2668 392.
1590 2632 1782 2678 ambigens
1805 2631 1860 2672 V.,
1880 2629 2049 2666 ambiens
2071 2627 2126 2664 W.

324 2693 405 2728 393.
426 2693 605 2738 inrigator
629 2691 683 2732 V.,
712 2692 886 2737 irrigator
919 2691 970 2726 W.
1070 2692 1150 2726 394.
1181 2691 1312 2726 turbat
1344 2690 1399 2731 V.,
1441 2694 1577 2725 curuat
1609 2690 1660 2725 W.
1764 2691 1845 2725 395.
1874 2688 2054 2723 inlabitur
2073 2685 2130 2726 V.,

327 2750 494 2786 illabitur
514 2750 565 2785 W.
681 2750 761 2784 396.
785 2750 950 2784 maximo
972 2748 1026 2789 V.,
1048 2750 1233 2784 maximos
1255 2749 1305 2783 W.
1348 2752 1505 2793 quttuor
1531 2748 1585 2788 V.,
1608 2751 1771 2793 quatuor
1791 2747 1857 2787 W„
1879 2749 2060 2792 quattuor
2079 2742 2131 2778 Η.

325 2809 406 2845 397.
428 2808 630 2853 caespitem
646 2807 701 2848 V.,
725 2808 903 2852 cespitem
920 2807 970 2841 W.
1046 2807 1126 2841 398.
1145 2807 1370 2851 Haesperius
1385 2806 1439 2847 V.,
1460 2806 1662 2851 Hesperius
1674 2806 1726 2840 W.
1801 2806 1881 2840 399.
1898 2803 2064 2838 Hircana
2076 2799 2132 2840 V.,

327 2865 508 2912 Hyrcana
535 2865 587 2901 W.
678 2866 758 2900 400.
783 2865 862 2900 solo
889 2865 945 2905 V.,
968 2864 1088 2899 salum
1115 2864 1166 2899 W.
1257 2864 1416 2898 fluctum
1444 2863 1498 2904 V.,
1522 2864 1660 2898 fluctus
1687 2863 1738 2898 W.
1829 2863 1911 2897 405.
1933 2861 2050 2895 latere
2076 2857 2134 2898 V.,

327 2923 435 2958 litore
460 2923 510 2958 W.
594 2923 675 2960 407.
695 2923 853 2958 harenas
877 2922 931 2963 V.,
951 2933 1082 2957 arenas
1105 2922 1156 2957 W.
1239 2921 1310 2956 sub
1327 2922 1466 2956 iacenti
1489 2921 1543 2962 V.,
1562 2921 1798 2956 subiacentes
1821 2920 1886 2960 W„
1905 2916 2135 2954 subiacentis

329 2980 378 3015 H.
458 2982 540 3016 408.
559 2985 741 3026 exuperat
763 2980 803 3015 V.
821 2980 897 3015 und
912 2981 950 3014 H
955 3007 976 3020 .‚
994 2983 1194 3025 exsuperat
1217 2979 1268 3014 W.
1349 2979 1454 3014 fusus
1476 2979 1530 3019 V.,
1548 2980 1658 3014 fucus
1680 2979 1730 3014 W.
1810 2978 1891 3012 410.
1909 2976 1971 3011 uel
1985 2974 2133 3009 uarium

336 3037 391 3078 V.,
412 3038 620 3074 belluarum
647 3038 711 3078 W„
733 3038 926 3073 beluarum
946 3038 995 3072 H.
1083 3038 1163 3072 412.
1184 3037 1252 3072 hec
1278 3036 1333 3077 V.,
1353 3036 1444 3071 haec
1471 3037 1521 3072 W.
1609 3036 1789 3071 Hemelco
1814 3035 1868 3075 V.,
1889 3032 2054 3069 Himilco
2079 3029 2132 3065 W.

333 3096 414 3131 414.
441 3090 613 3132 'analibus
635 3096 688 3137 V.,
712 3096 910 3130 annalibus
931 3096 981 3131 W.
1049 3096 1129 3131 417.
1154 3094 1360 3140 Libystidis
1375 3094 1429 3135 V.,
1452 3094 1639 3140 Libystidi
1660 3094 1710 3129 W.
1781 3093 1862 3128 420.
1882 3094 2062 3137 quattuor
2075 3087 2132 3128 V.,

335 3157 498 3199 quatuor
528 3154 578 3190 W.
733 3155 813 3189 421.
841 3154 911 3189 loci
936 3153 1015 3199 liby
1039 3153 1238 3199 phoenices
1268 3152 1321 3192 V.,
1362 3152 1657 3198 Libyphoenices
1694 3152 1776 3185 loco
1800 3150 1851 3185 W.
1871 3148 1947 3183 und
1965 3147 2029 3187 Η.,
2061 3144 2136 3180 loci
